<?xml version="1.0" encoding="UTF-8"?>
<record xmlns="http://www.loc.gov/MARC21/slim" xmlns:xsi="http://www.w3.org/2001/XMLSchema-instance" xsi:schemaLocation="http://www.loc.gov/MARC21/slim http://www.loc.gov/standards/marcxml/schema/MARC21slim.xsd">
<leader>00000cam a22      i 4500</leader>
<controlfield tag="001">001658793</controlfield>
<controlfield tag="003">NNU</controlfield>
<controlfield tag="005">20160226160428.0</controlfield>
<controlfield tag="008">001011m19261937le a     b    001 0 arard</controlfield>
<datafield tag="010" ind1=" " ind2=" ">
<subfield code="a">   75972747</subfield>
</datafield>
<datafield tag="035" ind1=" " ind2=" ">
<subfield code="a">(OCoLC)122869825</subfield>
</datafield>
<datafield tag="040" ind1=" " ind2=" ">
<subfield code="a">ZYU</subfield>
<subfield code="b">eng</subfield>
<subfield code="c">ZYU</subfield>
<subfield code="d">OCLCQ</subfield>
<subfield code="d">OCLCF</subfield>
<subfield code="d">OCLCO</subfield>
<subfield code="d">OCLCQ</subfield>
<subfield code="d">NNU</subfield>
</datafield>
<datafield tag="043" ind1=" " ind2=" ">
<subfield code="a">aw-----</subfield>
</datafield>
<datafield tag="050" ind1=" " ind2="4">
<subfield code="a">BX4711.32</subfield>
<subfield code="b">.W37 1926</subfield>
</datafield>
<datafield tag="245" ind1="0" ind2="0">
<subfield code="6">880-01</subfield>
<subfield code="a">Wathāʼiq tārīkhīyah lil-Kursī al-Malakī al-Anṭākī :</subfield>
<subfield code="b">yataḍammanu tārīkh al-Shām wa-Filasṭīn wa-Lubnān, siyāsīyan lil-wuzarā wa-al-ḥukkām ... dīnīyan lil-Islām wa-al-Naṣrānīyah ... /</subfield>
<subfield code="c">ʻuniyya bi-taʻlīq ḥawāshih maʻa mulḥaq jazīl al-fāʼidah Qusṭanṭīn al-Bāshā al-Mukhalliṣī.</subfield>
</datafield>
<datafield tag="246" ind1="1" ind2="5">
<subfield code="a">Documents inédits pour servir à l'histoire du Patriarchate melkite d'Antioche</subfield>
</datafield>
<datafield tag="260" ind1=" " ind2=" ">
<subfield code="6">880-02</subfield>
<subfield code="a">[Beirut] :</subfield>
<subfield code="b">al-Massarah,</subfield>
<subfield code="c">[1926]-1937.</subfield>
</datafield>
<datafield tag="300" ind1=" " ind2=" ">
<subfield code="a">7 volumes :</subfield>
<subfield code="b">illustrations ;</subfield>
<subfield code="c">25 cm</subfield>
</datafield>
<datafield tag="336" ind1=" " ind2=" ">
<subfield code="a">text</subfield>
<subfield code="b">txt</subfield>
<subfield code="2">rdacontent</subfield>
</datafield>
<datafield tag="337" ind1=" " ind2=" ">
<subfield code="a">unmediated</subfield>
<subfield code="b">n</subfield>
<subfield code="2">rdamedia</subfield>
</datafield>
<datafield tag="338" ind1=" " ind2=" ">
<subfield code="a">volume</subfield>
<subfield code="b">nc</subfield>
<subfield code="2">rdacarrier</subfield>
</datafield>
<datafield tag="504" ind1=" " ind2=" ">
<subfield code="a">Includes bibliographical references and indexes.</subfield>
</datafield>
<datafield tag="505" ind1="0" ind2=" ">
<subfield code="a">1. al-Baṭrīyark Maksīmūs III al-Maẓlūm / Tūmā Maẓlūm -- 2. Tārīkh al-Shām, 1720-1782 / Mikhāʼīl Burayk -- 3. Khabāyā al-zawāyā min tārīkh Ṣaydnāyā / Ḥabīb Zayyāt -- 4. Tārīkh al-Shaykh Ẓāhir al-ʻUmar al-Zaydānī / Mikhāʼīl Niqūlā Ṣabbāgh -- 5. Shuhadāʼ Ḥalab / A. Kūsā -- 6. al-Ṣalīb fī al-Islām / Ḥabīb Zayyāt -- 7. Istishhād Ibrāhīm Amārah.</subfield>
</datafield>
<datafield tag="610" ind1="2" ind2="0">
<subfield code="a">Catholic Church.</subfield>
<subfield code="b">Patriarchate of Antioch (Melchite)</subfield>
<subfield code="x">History</subfield>
<subfield code="x">Sources.</subfield>
</datafield>
<datafield tag="651" ind1=" " ind2="0">
<subfield code="a">Middle East</subfield>
<subfield code="x">Church history</subfield>
<subfield code="x">Sources.</subfield>
</datafield>
<datafield tag="610" ind1="2" ind2="7">
<subfield code="a">Catholic Church.</subfield>
<subfield code="b">Patriarchate of Antioch (Melchite)</subfield>
<subfield code="2">fast</subfield>
<subfield code="0">(OCoLC)fst00581741</subfield>
</datafield>
<datafield tag="651" ind1=" " ind2="7">
<subfield code="a">Middle East.</subfield>
<subfield code="2">fast</subfield>
<subfield code="0">(OCoLC)fst01241586</subfield>
</datafield>
<datafield tag="655" ind1=" " ind2="7">
<subfield code="a">Church history.</subfield>
<subfield code="2">fast</subfield>
<subfield code="0">(OCoLC)fst01411629</subfield>
</datafield>
<datafield tag="655" ind1=" " ind2="7">
<subfield code="a">History.</subfield>
<subfield code="2">fast</subfield>
<subfield code="0">(OCoLC)fst01411628</subfield>
</datafield>
<datafield tag="655" ind1=" " ind2="7">
<subfield code="a">Sources.</subfield>
<subfield code="2">fast</subfield>
<subfield code="0">(OCoLC)fst01423900</subfield>
</datafield>
<datafield tag="700" ind1="1" ind2=" ">
<subfield code="6">880-03</subfield>
<subfield code="a">Bacha, Constantin.</subfield>
</datafield>
<datafield tag="880" ind1="0" ind2="0">
<subfield code="6">245-01/</subfield>
<subfield code="a">وثائق تاريخية للكرسي الملكي الانطاكي :</subfield>
<subfield code="b">يتضمن تاريخ الشام وفلسطين ولبنان، سياسيا للوزراء والحكام ... دينيا للاسلام والنصرانية ... /</subfield>
<subfield code="c">عنى بتعليق حواشيه مع ملحق جزيل الغائدة قسطنطين الباشا المخلصي.</subfield>
</datafield>
<datafield tag="880" ind1=" " ind2=" ">
<subfield code="6">260-02/</subfield>
<subfield code="a">[بيروت] :</subfield>
<subfield code="b">المسرة،</subfield>
<subfield code="c">[1926]-1937.</subfield>
</datafield>
<datafield tag="880" ind1="1" ind2=" ">
<subfield code="6">700-03/</subfield>
<subfield code="a">باشا، قسطنطين.</subfield>
</datafield>
<datafield tag="OWN" ind1=" " ind2=" ">
<subfield code="a">GENERAL</subfield>
</datafield>
<datafield tag="AVA" ind1=" " ind2=" ">
<subfield code="a">NYU50</subfield>
<subfield code="b">BOBST</subfield>
<subfield code="c">Main Collection</subfield>
<subfield code="d">BX4711.32 .W37</subfield>
<subfield code="e">unavailable</subfield>
<subfield code="t">Unavailable</subfield>
<subfield code="f">1</subfield>
<subfield code="g">1</subfield>
<subfield code="h">Y</subfield>
<subfield code="i">0</subfield>
<subfield code="j">MAIN</subfield>
<subfield code="k">0</subfield>
</datafield>
</record>
